@article{baumeister2016forty,
  title={Forty Years of Oil Price Fluctuations: Why the Price of Oil May Still Surprise Us},
  author={Baumeister, Christiane and Kilian, Lutz},
  journal={Journal of Economic Perspectives},
  volume={30},
  number={1},
  pages={139--160},
  year={2016}
}

@book{box2015time,
  title={Time Series Analysis: Forecasting and Control},
  author={Box, George E. P. and Jenkins, Gwilym M. and Reinsel, Gregory C. and Ljung, Greta M.},
  edition={5th},
  publisher={John Wiley \& Sons},
  year={2015}
}

@book{hyndman2018forecasting,
  title={Forecasting: Principles and Practice},
  author={Hyndman, Rob J. and Athanasopoulos, George},
  edition={2nd},
  year={2018},
  publisher={OTexts},
  note={Available at \url{https://otexts.com/fpp2/}}
}

@article{makridakis2018statistical,
  title={Statistical and Machine Learning Forecasting Methods: Concerns and Ways Forward},
  author={Makridakis, Spyros and Spiliotis, Evangelos and Assimakopoulos, Vassilios},
  journal={PLOS ONE},
  volume={13},
  number={3},
  pages={e0194889},
  year={2018}
}

@article{engle1982autoregressive,
  title={Autoregressive conditional heteroscedasticity with estimates of the variance of United Kingdom inflation},
  author={Engle, Robert F.},
  journal={Econometrica: Journal of the Econometric Society},
  volume={50},
  number={4},
  pages={987--1007},
  year={1982},
  publisher={Wiley Online Library}
}